@inproceedings{Alfaro_GJ_04,
  author    = {Luca de Alfaro and Patrice Godefroid and Radha Jagadeesan},
  booktitle = {LICS},
  title     = {Three-valued abstractions of games: uncertainty, but with 
      precision},
  year      = {2004},
  month     = jul,
  address   = {Turku, Finland},
  pages     = {170--179}
}

@inproceedings{Alfaro_Roy_07,
  author    = {Luca de Alfaro and Pritam Roy},
  title     = {Solving Games Via Three-Valued Abstraction Refinement},
  booktitle = {CONCUR},
  year      = {2007},
  month     = sep,
  pages     = {74--89},
  address   = {Lisboa, Portugal}
}

@Article{Bloem_GJPPW_07,
  author    = {Bloem, Roderick and Galler, Stefan and Jobstmann, Barbara and Piterman, Nir and Pnueli, Amir and Weiglhofer, Martin},
  title     = {Specify, Compile, Run: Hardware from {PSL}},
  journal   = {ENTCS},
  volume    = {190},
  number    = {4},
  month     = nov,
  year      = {2007},
  pages     = {3--16}
} 

@InProceedings{Cassez_JLRR_09,
  author    = {Franck Cassez and Jan Jakob Jessen and Kim Guldstrand Larsen and Jean-Fran\c{c}ois Raskin and Pierre-Alain Reynier},
  title     = {Automatic Synthesis of Robust and Optimal Controllers - An Industrial Case Study},
  booktitle = {HSCC},
  year      = {2009},
  month     = apr,
  pages     = {90--104},
  address   = {San Francisco, CA, USA}
}



@InProceedings{Ball_BCLLMORU_06,
  author =       {Thomas Ball and Ella Bounimova and Byron Cook and Vladimir Levin and
                  Jakob Lichtenberg and Con McGarvey and Bohus Ondrusek and 
                  Sriram K. Rajamani and Abdullah Ustuner},
  title =        {Thorough Static Analysis of Device Drivers},
  booktitle =    {Eurosys},
  pages =        {73--85},
  month =        apr,
  address =      {Leuven, Belgium},
  year =         2006
}

@inproceedings{Ball_CDR_04,
  author    = {Ball, Thomas and Cook, Byron and Das, Satyaki and Rajamani, 
      Sriram K.},
  title     = {Refining Approximations in Software Predicate Abstraction},
  booktitle = {TACAS},
  year      = {2004},
  month     = mar,
  pages     = {388--403},
  address   = {Barcelona, Spain}
}

@Article{Ball_PS_03,
  author    = {Thomas Ball and Andreas Podelski and Sriram K. Rajamani},
  title     = {Boolean and Cartesian abstraction for model checking C programs},
  journal   = {STTT},
  volume    = {5},
  number    = {1},
  year      = {2003},
  pages     = {49--58}
}

@inproceedings{Barrett_DL_98,
  author    = {Clark W. Barrett and David L. Dill and Jeremy R. Levitt},
  title     = {A Decision Procedure for Bit-Vector Arithmetic},
  booktitle = {DAC},
  year      = {1998},
  month     = jun,
  pages     = {522--527},
  address   = {San Francisco, California, USA}
}

@article{Bryant_86,
  author  = {Randal E. Bryant},
  title   = {Graph-Based Algorithms for Boolean Function Manipulation},
  journal = {IEEE Transactions on Computers},
  year    = {1986},
  volume  = {35},
  pages   = {677--691}
}


@inproceedings{Clarke_GJLV_00,
  author    = {Clarke, Edmund and Grumberg, Orna and Jha, Somesh and Lu, Yuan 
      and Veith, Helmut},
  year      = {2000},
  month     = jul,
  title     = {Counterexample-Guided Abstraction Refinement},
  booktitle = {CAV},
  pages     = {154--169},
  address   = {Chicago, IL, USA}
}

@Article{Clarke_KSY_04,
  author    = {Edmund Clarke and Daniel Kroening and Natasha Sharygina and 
      Karen Yorav},
  title     = {Predicate Abstraction of {ANSI-C} Programs Using {SAT}},
  journal   = {Formal Methods in System Design},
  volume    = {25},
  number    = {2-3},
  year      = {2004},
  pages     = {105--127},
}

@inproceedings{Das_Dill_01,
  author    = {Das, S. and Dill, D.L.},
  booktitle = {LICS},
  title     = {Successive approximation of abstract transition relations},
  year      = {2001},
  month     = jun,
  pages     = {51-58},
  address   = {Boston, MA, USA}
}

@inproceedings{Dimitrova_Finkbeiner_08,
  author    = {Rayna Dimitrova and Bernd Finkbeiner},
  title     = {Abstraction Refinement for Games with Incomplete Information},
  booktitle = {FSTTCS},
  year      = {2008},
  month     = dec,
  address   = {Bangalore, India}
}

@inproceedings{Dimitrova_Finkbeiner_12,
  author    = {Dimitrova, Rayna and Finkbeiner, Bernd},
  title     = {Counterexample-Guided Synthesis of Observation Predicates},
  booktitle = {FORMATS},
  year      = {2012},
  month     = sep,
  address   = {London, UK},
  pages     = {107--122}
}

@inproceedings{DeMoura_Bjorner_2008,
  author    = {De Moura, Leonardo and Bj{\o}rner, Nikolaj},
  title     = {{Z3}: An Efficient {SMT} Solver},
  booktitle = {TACAS},
  year      = {2008},
  month     = mar,
  address   = {Budapest, Hungary},
  pages     = {337--340}
}

@inproceedings{Graf_Saidi_97,
  author    = {Graf, Susanne and Sa\"{\i}di, Hassen},
  title     = {Construction of Abstract State Graphs with {PVS}},
  booktitle = {CAV},
  year      = {1997},
  month     = jun,
  pages     = {72--83},
  address   = {Haifa, Israel}
} 

@inproceedings{Henzinger_JMS_02,
  author    = {Henzinger, Thomas A. and Jhala, Ranjit and Majumdar, Rupak and 
      Sutre, Gr{\'e}goire},
  title     = {Lazy Abstraction},
  booktitle = {POPL},
  year      = {2002},
  month     = jan,
  address   = {Portland, Oregon},
  pages     = {58--70},
} 

@InProceedings{Jain_KSC_05,
  author        = {Jain, Himanshu and Kroening, Daniel and Sharygina, Natasha 
                   and Clarke, Edmund},
  title         = {Word Level Predicate Abstraction and Refinement for 
                   Verifying {RTL} {Verilog}},
  booktitle     = {DAC},
  year          = {2005},
  month         = jun,
  address       = {Anaheim, California, USA},
  pages         = {445--450}
}

@book{Kurshan_1994,
 author         = {Kurshan, Robert P.},
 title          = {Computer-aided Verification of Coordinating Processes: The Automata-theoretic Approach},
 year           = {1994},
 isbn           = {0-691-03436-2},
 publisher      = {Princeton University Press},
 address        = {Princeton, NJ, USA}
} 

@InProceedings{Pnueli_Rosner_89,
 author         = {Amire Pnueli and Roni Rosner},
 title          = {On the Synthesis of a Reactive Module},
 booktitle      = {POPL},
 year           = {1989},
 month          = jan,
 address        = {Austin, Texas, USA},
 pages          = {179--190}
} 

@InProceedings{Ryzhyk_WKLRSV_14,
  author =       {Leonid Ryzhyk and Adam Walker and John Keys and Alexander 
      Legg and Arun Raghunath and Michael Stumm and Mona Vij},
  title =        {User-Guided Device Driver Synthesis},
  booktitle =    {OSDI},
  year =         {2014},
  address =      {Broomfield, CO, USA},
  month =        oct
}

@InProceedings{Rudell_1993,
  author    = {Rudell, Richard},
  title     = {Dynamic variable ordering for ordered binary decision diagrams},
  booktitle = {ICCAD},
  year      = {1993},
  address   = {Santa Clara, CA, USA},
  pages     = {42--47}
}


@misc{dml,
  key =          {SIM},
  author =       "{Wind River}",
  title =        {{Wind River Simics Model Builder} reference manual. Version 4.4},
  year =         2010,
  month =        sep
}

@inproceedings{Shoham_Grumberg_03,
  author    = {Shoham, Sharon and Grumberg, Orna},
  year      = {2003},
  booktitle = {CAV},
  title={A Game-Based Framework for {CTL} Counterexamples and 3-Valued 
      Abstraction-Refinement},
  pages     = {275--287},
  year      = {2003},
  month     = jul,
  address   = {Boulder, Colorado, USA}
}


@inproceedings{Shoham_Grumberg_04,
  author    = {Sharon Shoham and Orna Grumberg},
  title     = {Monotonic Abstraction-Refinement for {CTL}},
  booktitle = {TACAS},
  year      = {2004},
  month     = mar,
  pages     = {546--560},
  address   = {Barcelona, Spain}
}

@misc{cudd,
  author       = {Fabio Somenzi},
  title        = {{CUDD}: {CU} Decision Diagram Package},
  howpublished = {\url{http://vlsi.colorado.edu/~fabio/CUDD/}}
}



@InProceedings{Piterman_PS_06,
  author    = {Nir Piterman and Amir Pnueli and Yaniv Sa'ar},
  title     = {Synthesis of {Reactive}(1) designs},
  booktitle = VMCAI,
  year      = {2006},
  month     = jan,
  pages     = {364--380},
  address   = {Charleston, SC, USA}
}


@incollection{Thomas_91,
  author    = {Thomas, Wolfgang},
  chapter   = {Automata on Infinite Objects},
  title     = {Handbook of Theoretical Computer Science (Vol. B)},
  editor    = {van Leeuwen, Jan},
  year      = {1990},
  pages     = {133--191},
  publisher = {MIT Press},
  address   = {Cambridge, MA, USA}
}

@Misc{dml_ug,
  key =          {SIM2},
  author =       "{Wind River}",
  title =        {{Wind River Simics Model Builder} user guide. Version 4.4},
  year =         2010,
  month =        sep
}

@Misc{termite,
  key =          {Termite},
  title =        {{Termite 2} driver synthesis tool},
  howpublished = {\url{http://www.termite2.org}}
}


@INPROCEEDINGS{Burch_91,
    author = {J. R. Burch and E. M. Clarke and D. E. Long},
    title = {Symbolic Model Checking with Partitioned Transition Relations},
    booktitle = {},
    year = {1991},
    pages = {49--58},
    publisher = {North-Holland}
}

@TechReport{Walker_Ryzhyk_TR_14,
    author = {Adam Walker and Leonid Ryzhyk},
    title = {Predicate Abstraction for Reactive Synthesis},
    number = {NRL-8281},
    institution = "{NICTA}",
    year = {2014},
    month = aug,
    howpublished = {\url{http://www.nicta.com.au/pub?doc=8281}}
}

@inproceedings{Klein_EHACDEEKNSTW_09,
    author           = {Gerwin Klein and Kevin Elphinstone and Gernot Heiser 
        and June Andronick and David Cock and Philip
                        Derrin and Dhammika Elkaduwe and Kai Engelhardt and Rafal Kolanski and Michael Norrish and Thomas
                        Sewell and Harvey Tuch and Simon Winwood},
    year             = {2009},
    month            = oct,
    title            = {{seL4}: Formal Verification of an {OS} Kernel},
    booktitle        = {22nd {ACM} Symposium on Operating Systems Principles},
    pages            = {207--220},
    address          = {Big Sky, MT, USA}
}

@InProceedings{Ball_BCLLMORU_06,
  author = 	 {Thomas Ball and Ella Bounimova and Byron Cook and Vladimir Levin and
                  Jakob Lichtenberg and Con McGarvey and Bohus Ondrusek and 
		  Sriram K. Rajamani and Abdullah Ustuner},
  title = 	 {Thorough Static Analysis of Device Drivers},
  booktitle = 	 {1st EuroSys Conference},
  pages =	 {73--85},
  month =        apr,
  address =      {Leuven, Belgium},
  year =	 2006,
  heldby =	 {leonidr}
}

@article{Chipounov_KC_12,
  author = {Vitaly Chipounov and Volodymyr Kuznetsov and George Candea},
  title = {The {S2E} Platform: Design, Implementation, and Applications},
  journal = {ACM Transactions on Computer Systems},
  volume = {30},
  number = {1},
  month = feb,
  year = {2012},
  pages = {2:1--2:49},
  articleno = {2},
  numpages = {49}
}

@article{Clarke_GJLV_03,
  author = {Clarke, Edmund and Grumberg, Orna and Jha, Somesh and Lu, Yuan and Veith, Helmut},
  title = {Counterexample-guided abstraction refinement for symbolic model checking},
  journal = {Journal of the ACM},
  volume = {50},
  issue = {5},
  month = sep,
  year = {2003},
  pages = {752--794},
  keywords = {Abstraction, hardware verification, symbolic model checking, temporal logic}
}

@Article{Clarke_KSY_04,
  author    = {Edmund M. Clarke and
               Daniel Kroening and
               Natasha Sharygina and
               Karen Yorav},
  title     = {Predicate Abstraction of {ANSI-C} Programs Using {SAT}},
  journal   = {Formal Methods in System Design},
  volume    = {25},
  number    = {2-3},
  year      = {2004},
  pages     = {105-127}
}


@InProceedings{Cai_Gajski_03,
  author = {Cai, Lukai and Gajski, Daniel},
  title = {Transaction level modeling: an overview},
  booktitle = {"1st International Conference on Hardware/Software Codesign and 
      System Synthesis"},
  year = {2003},
  address = {Newport Beach, CA, USA},
  pages = {19--24},
  keywords = {exploration, modeling, refinement, synthesis, transaction level model, validation}
} 

@Misc{dml,
  key =		 {SIM},
  author =	 "{Wind River}",
  title =        {{Wind River Simics Model Builder} reference manual. Version 4.4},
  year =         2010,
  month =        sep
}

@Misc{vp,
  author =	 "{Synopsys}",
  title =        {Virtual Prototyping Models},
  howpublished = {\url{http://www.synopsys.com/Systems/VirtualPrototyping/VPModels}}
}

@Misc{cofluent,
  author =	 "{Intel Corporation}",
  title =        {CoFluent Technolofy},
  howpublished = {\url{http://www.intel.com/content/www/us/en/cofluent/cofluent-difference.html}}
}

@inproceedings{Flanagan_Qadeer_02,
 author = {Flanagan, Cormac and Qadeer, Shaz},
 title = {Predicate Abstraction for Software Verification},
 booktitle = {29th ACM SIGPLAN-SIGACT Symposium on Principles of Programming 
     Languages},
 year = {2002},
 address = {Portland, Oregon},
 pages = {191--202}
} 

@InProceedings{ONils_OJ_98,
 author = {Mattias O'Nils and Johnny \"{O}berg and Axel Jantsch},
 title = {Grammar Based Modelling and Synthesis of Device Drivers and Bus Interfaces},
 booktitle = euromicro98,
 year = {1998},
 address = {Washington, DC, USA},
}

@Misc{ddgen,
  author =	 "{Vayavya Labs}",
  title =        {{Device Driver Generator tool}},
  howpublished = {\url{http://vayavyalabs.com/products/}}
}

@Misc{uart,
  key     =	 "{OpenCores}",
  title =        {{16550 UART core}},
  howpublished = {\url{http://opencores.org/project,a_vhd_16550_uart}}
}

@Misc{ds12887,
  key     =	 "{WindRiver}",
  title =        {{WindRiver Simics DS12887 Model}},
  howpublished = {\url{http://www.windriver.com/products/simics}}
}

@incollection{Kupferman_Vardi_2000,
    author={Kupferman, Orna and Vardi, Moshe},
    year={2000},
    isbn={978-90-481-5389-3},
    booktitle={Advances in Temporal Logic},
    volume={16},
    title={Synthesis with Incomplete Information},
    publisher={Springer Netherlands},
    pages={109-127}
}
@Article{Leslie_CFGGMPSEH_05,
  author = 	 {Ben Leslie and Peter Chubb and Nicholas FitzRoy-Dale
                  and Stefan G\"{o}tz and Charles Gray and Luke
                  Macpherson and Daniel Potts and Yueting (Rita) Shen and
                  Kevin Elphinstone and Gernot Heiser},
  title = 	 {User-level Device Drivers: Achieved Performance},
  journal = 	 {Journal of Computer Science and Technology},
  year = 	 2005,
  volume =	20,
  pages =	 {654--664},
  number = 5,
  month = sep
}

@InProceedings{LeVasseur_USG_04,
  author = 	 {Joshua LeVasseur and Volkmar Uhlig and Jan Stoess
                  and Stefan G\"{o}tz},
  title = 	 {Unmodified Device Driver Reuse and Improved System
                  Dependability via Virtual Machines},
  booktitle =	 {6th Symposium on Operating Systems Design and 
      Implementation},
  pages =	 {17--30},
  year =	 2004,
  address =	 {San Francisco, CA, USA},
  month =	 dec
}

@inproceedings{Palix_GSCLM_11,
 author    = {Palix, Nicolas and Thomas, Ga\"{e}l and Saha, Suman and 
     Calv\`{e}s, Christophe and Lawall, Julia and Muller, Gilles},
 title     = {Faults in {Linux}: ten years later},
 booktitle = {16th International Conference on
     Architectural Support for Programming Languages and Operating Systems},
 year      = {2011},
 month     = mar,
 address   = {Newport Beach, CA, USA},
 pages     = {305--318}
}

@article{Amani_CDLORZ_14,
    author           = {Amani, Sidney and Chubb, Peter and Donaldson, Alastair 
        and Legg, Alexander and Ong, Keng Chai and Ryzhyk, Leonid and Zhu, Yanjin},
    number           = {1},
    month            = may,
    volume           = {48},
    year             = {2014},
    title            = {Automatic Verification of Active Device Drivers},
    journal          = {{ACM} Operating Systems Review}
}

@InProceedings{Ryzhyk_CKSH_09,
  author =       {Leonid Ryzhyk and Peter Chubb and Ihor Kuz and Le
                  Sueur, Etienne and Gernot Heiser},
  title =        {Automatic Device Driver Synthesis with {Termite}},
  booktitle =    {22nd ACM Symposium on Operating Systems Principles},
  year =         {2009},
  address =      {Big Sky, MT, USA},
  month =        oct,
  keywords =     {best, nicta, okl, termite}
}


@book{Sipser_96,
 author = {Sipser, Michael},
 title = {Introduction to the Theory of Computation},
 year = {1996},
 isbn = {053494728X},
 edition = {1st},
 publisher = {International Thomson Publishing},
} 

@InProceedings{Swift_BL_03,
  author = 	 {Michael M. Swift and Brian N. Bershad and Henry M. Levy},
  title = 	 {Improving the Reliability of Commodity Operating Systems},
  booktitle =	 {19th ACM Symposium on Operating Systems Principles},
  year =	 2003,
  address =	 {Bolton Landing (Lake George), New York, USA},
  month =	 oct
}

@Misc{Yavatkar_12,
  author =	 {Raj Yavatkar},
  title =        {Era of {SoCs}, presentation at the {Intel Workshop on Device 
      Driver Reliability, Modeling and Synthesis}},
  year =         2012,
  month =        mar
}

@InProceedings{Merillon_RCMM_00,
  author =       {Fabrice M\'{e}rillon and Laurent R\'{e}veill\`{e}re and 
      Charles Consel and Renaud Marlet and Gilles Muller},
  title =        {Devil: An {IDL} for hardware programming},
  address =      {San Diego, CA, USA},
  booktitle =    {4th USENIX Symposium on Operating Systems Design and 
      Implementation},
  pages =        {17--30},
  year =         {2000},
  month =        oct
}


@InProceedings{Moskewicz_MZZM_01,
  author    = {Moskewicz, Matthew W. and Madigan, Conor F. and Zhao, Ying and 
      Zhang, Lintao and Malik, Sharad},
  title     = {Chaff: engineering an efficient {SAT} solver},
  booktitle = {DAC},
  year      = {2001},
  month     = jun,
  address   = {Las Vegas, NV, USA},
  pages     = {530--535}
}

@InProceedings{Rudell_1993,
  author    = {Rudell, Richard},
  title     = {Dynamic variable ordering for ordered binary decision diagrams},
  booktitle = {ICCAD},
  year      = {1993},
  address   = {Santa Clara, CA, USA},
  pages     = {42--47}
}

@InProceedings{Ryzhyk_KMRVH_11,
  author = 	 {Leonid Ryzhyk and John Keys and Balachandra Mirla and Arun Raghunath and Mona Vij and Gernot Heiser},
  title = 	 {Improved Device Driver Reliability Through Hardware Verification Reuse},
  booktitle =	 {16th International Conference on Architectural Support for 
      Programming Languages and Operating Systems},
  year =	 2011,
  address =	 {Newport Beach, CA, USA},
  month =	 mar
}

@InProceedings{Kadav_RS_09,
  author = 	 {Asim Kadav and Matthew J. Renzelmann and Michael M. Swift},
  title = 	 {Tolerating Hardware Device Failures in Software},
  booktitle =	 {22nd ACM Symposium on Operating Systems Principles},
  year =	 2009,
  address =      {Big Sky, MT, USA}
}


@InProceedings{Walker_Ryzhyk_14,
  author = 	 {Adam Walker and Leonid Ryzhyk},
  title = 	 {Predicate Abstraction for Reactive Synthesis},
  booktitle =	 {FMCAD},
  year =	 2014,
  month =        oct,
  address =      {Lausanne, Switzerland}
}

@InProceedings{Cerny_HRRT_13,
  author = 	 {Pavol Cerny and Thomas Henzinger and Arjun Radhakrishna and 
      Leonid Ryzhyk and Thorsten Tarrach},
  title = 	 {Efficient synthesis for concurrency by semantics-preserving transformations},
  booktitle =	 {CAV},
  year =	 2013,
  month =        jul,
  address =      {Saint Petersburg, Russia}
}

@InProceedings{Cerny_HRRT_14,
  author = 	 {Pavol Cerny and Thomas Henzinger and Arjun Radhakrishna and 
      Leonid Ryzhyk and Thorsten Tarrach},
  title = 	 {Regression-free synthesis for concurrency},
  booktitle =	 {CAV},
  year =	 2014,
  month =        jul,
  address =      {Vienna, Austria}
}

@inproceedings{Desai_GJQRZ_13,
 author = {Desai, Ankush and Gupta, Vivek and Jackson, Ethan and Qadeer, Shaz and Rajamani, Sriram and Zufferey, Damien},
 title = {{P}: safe asynchronous event-driven programming},
 booktitle = {34th annual ACM SIGPLAN conference on Programming Language Design 
     and Implementation},
 year = {2013},
 address = {Seattle, Washington, USA},
 pages = {321--332}
} 

@InProceedings{Renzelmann_Swift_09,
  author =	{Matthew J. Renzelmann and Michael M. Swift},
  title =	{{Decaf}: Moving Device Drivers to a Moderm Language},
  booktitle =	{USENIX Annual Technical Conference},
  year =	2009,
  month =	jun,
  address =	{San Diego, CA, USA}
}

@inproceedings{Thomas_95,
  author    = {Wolfgang Thomas},
  title     = {On the Synthesis of Strategies in Infinite Games},
  booktitle = {12th Annual Symposium on Theoretical Aspects of Computer 
      Science},
  year      = {1995},
  pages     = {1--13},
}

@InProceedings{Zhou_CABE_06,
  author = 	 {Feng Zhou and Jeremy Condit and Zachary Anderson and Ilya 
      Bagrak and Rob Ennals and Matthew Harren and George Necula and Eric 
          Brewer},
  title = 	 {{SafeDrive}: Safe and Recoverable Extensions Using 
                  Language-Based Techniques},
  pages =	 {45--60},
  booktitle = 	 {7th USENIX Symposium on Operating Systems Design and 
      Implementation},
  year =	 2006,
  month =        nov,
  address =      {Seattle, WA, USA},
  heldby =       {leonidr}
}

@article{Alur_BHQR_01,
  author = {Alur, R. and Brayton, R. K. and Henzinger, T. A. and Qadeer, S. and 
      Rajamani, S. K.},
  title = {Partial-Order Reduction in Symbolic State-Space Exploration},
  journal = {Formal Methods in System Design},
  volume = {18},
  number = {2},
  month = mar,
  year = {2001},
  pages = {97--116}
}

@InProceedings{Case_BM_06,
  author = {Michael L. Case and Alan Mishchenko and Robert K. Brayton},
  title = {Inductively Finding a Reachable State Space Over-Approximation},
  booktitle = {Proceedings of the 15th International Workshop on Logic and
      Synthesis},
  month = mar,
  year = {2006},
  month = jun
}


@inproceedings{Chen_MK_07,
 author = {Mingsong Chen and Prabhat Mishra and Dhrubajyoti Kalita},
 title = {Towards {RTL} test generation from {SystemC} {TLM} specifications},
 booktitle = {HLDVT'07},
 year = {2007},
 pages = {91--96}
}
